@book{newman2015building,
  title={Building microservices: designing fine-grained systems},
  author={Newman, Sam},
  year={2015},
  publisher={" O'Reilly Media, Inc."}
}

@book{richardson2019microservices,
  title={Microservices Patterns: With Examples in Java},
  author={Richardson, Chris},
  year={2019},
  publisher={Manning Publications}
}

@misc{simver,
  title = {{Semantic Versioning} Summary},
  howpublished = {\url{https://semver.org/#summary}},
  note = {Accessed: 2020-05-24}
}